@book{TaneRech2014,
title = {Rechnerarchitektur : von der digitalen Logik zum Parallelrechner},
author = {Andrew S. Tanenbaum and Todd Austin},
series = {Always learning},
series = {Informatik ; 4238},
edition = {6., aktualisierte Aufl},
publisher = {Pearson},
address = {Hallbergmoos},
year = {2014},
note = {799 S : Ill., graph. Darst.},
keywords = {Computerarchitektur},
URL = {https://suche.suub.uni-bremen.de/peid=B77838189},
}

